<record><leader>00000cas a22000007a 4500</leader><controlfield tag="001">33460680</controlfield><controlfield tag="008">951109d19721977cauwr ne      0    0eng d</controlfield><datafield ind1=" " ind2=" " tag="010"><subfield code="a">sn 95068910 </subfield></datafield><datafield ind1=" " ind2=" " tag="040"><subfield code="a">CNK</subfield><subfield code="b">eng</subfield><subfield code="c">CNK</subfield><subfield code="d">DLC</subfield><subfield code="d">CNK</subfield><subfield code="d">OCLCQ</subfield><subfield code="d">OCLCO</subfield></datafield><datafield ind1="1" ind2=" " tag="029"><subfield code="a">AU@</subfield><subfield code="b">000025892642</subfield></datafield><datafield ind1=" " ind2=" " tag="042"><subfield code="a">msc</subfield></datafield><datafield ind1="0" ind2="0" tag="245"><subfield code="a">Westchester-Ladera observer.</subfield></datafield><datafield ind1="3" ind2=" " tag="246"><subfield code="a">Westchester Ladera observer</subfield></datafield><datafield ind1=" " ind2=" " tag="260"><subfield code="a">Santa Monica [Calif.] :</subfield><subfield code="b">United Western Newspapers</subfield></datafield><datafield ind1=" " ind2=" " tag="300"><subfield code="a">v.</subfield></datafield><datafield ind1=" " ind2=" " tag="310"><subfield code="a">Weekly</subfield></datafield><datafield ind1="0" ind2=" " tag="362"><subfield code="a">Vol. 1, no. 1 (Nov. 9, 1972)-v. 6, no. 2 (Jan. 12, 1977).</subfield></datafield><datafield ind1=" " ind2=" " tag="580"><subfield code="a">Merged with: Westchester news advertiser-press, to become: Westchester-Ladera observer and news advertiser-press.</subfield></datafield><datafield ind1=" " ind2="0" tag="651"><subfield code="a">Westchester (Los Angeles, Calif.)</subfield><subfield code="v">Newspapers.</subfield></datafield><datafield ind1=" " ind2="0" tag="651"><subfield code="a">Ladera Heights (Los Angeles, Calif.)</subfield><subfield code="v">Newspapers.</subfield></datafield><datafield ind1=" " ind2="0" tag="651"><subfield code="a">Inglewood (Calif.)</subfield><subfield code="v">Newspapers.</subfield></datafield><datafield ind1=" " ind2=" " tag="752"><subfield code="a">United States</subfield><subfield code="b">California</subfield><subfield code="c">Los Angeles</subfield><subfield code="d">Los Angeles.</subfield></datafield><datafield ind1="1" ind2="7" tag="785"><subfield code="t">Westchester news advertiser-press</subfield></datafield><datafield ind1="1" ind2="7" tag="785"><subfield code="t">Westchester-Ladera observer and news advertiser-press</subfield><subfield code="w">(DLC)sn 96064455</subfield></datafield></record>